<?xml version="1.0" encoding="UTF-8"?><collection xmlns="http://www.loc.gov/MARC21/slim"><record><leader>00371nam--2200109-i-4500</leader><controlfield tag="001">000042581</controlfield><controlfield tag="002">20161230</controlfield><controlfield tag="005">20161230201043</controlfield><controlfield tag="008">060222s1000------------r-----000-0-eng-d</controlfield><datafield ind1=" " ind2=" " tag="245"><subfield code="a">The stabilization of silicone lubricating liquid above 200  c. part 2:iron,copper,cerium and other metal compounds</subfield></datafield><datafield ind1=" " ind2=" " tag="260"><subfield code="a">Washington, U.S.Atomic Energy Commission, 1961. 25 P</subfield></datafield><datafield ind1=" " ind2=" " tag="852"><subfield code="a">16603</subfield></datafield></record></collection>